<record><leader>00000cas a22000007a 4500</leader><controlfield tag="001">12220061</controlfield><controlfield tag="008">850701d18561857wiuwr ne      0    0eng d</controlfield><datafield ind1=" " ind2=" " tag="010"><subfield code="a">sn 85040681 </subfield></datafield><datafield ind1=" " ind2=" " tag="040"><subfield code="a">NPV</subfield><subfield code="b">eng</subfield><subfield code="c">NPV</subfield><subfield code="d">NPX</subfield><subfield code="d">NPV</subfield><subfield code="d">OCLCQ</subfield></datafield><datafield ind1=" " ind2=" " tag="042"><subfield code="a">msc</subfield></datafield><datafield ind1="0" ind2="4" tag="245"><subfield code="a">The Janesville weekly free press.</subfield></datafield><datafield ind1="1" ind2="3" tag="246"><subfield code="a">Janesville free press</subfield></datafield><datafield ind1=" " ind2=" " tag="260"><subfield code="a">Janesville, Wis. :</subfield><subfield code="b">Burnett &amp; Hall,</subfield><subfield code="c">-1857.</subfield></datafield><datafield ind1=" " ind2=" " tag="300"><subfield code="a">v.</subfield></datafield><datafield ind1=" " ind2=" " tag="310"><subfield code="a">Weekly</subfield></datafield><datafield ind1="0" ind2=" " tag="362"><subfield code="a">-v. 5, no. 6 (Mar. 3, 1857) = -whole no. 213.</subfield></datafield><datafield ind1="1" ind2=" " tag="362"><subfield code="a">Began with Jan. 1, 1856 issue?</subfield></datafield><datafield ind1=" " ind2=" " tag="500"><subfield code="a">Publisher varies.</subfield></datafield><datafield ind1=" " ind2=" " tag="580"><subfield code="a">Also published in daily ed. with title: Janesville free press.</subfield></datafield><datafield ind1=" " ind2=" " tag="588"><subfield code="a">Description based on: Vol. 4, no. 2 (Jan. 8, 1856) = whole no. 156.</subfield></datafield><datafield ind1=" " ind2=" " tag="752"><subfield code="a">United States</subfield><subfield code="b">Wisconsin</subfield><subfield code="c">Rock</subfield><subfield code="d">Janesville.</subfield></datafield><datafield ind1="1" ind2=" " tag="775"><subfield code="t">Janesville free press (Daily)</subfield><subfield code="w">(DLC)sn 85040680</subfield></datafield><datafield ind1="0" ind2="0" tag="780"><subfield code="t">Janesville free press (Weekly)</subfield><subfield code="w">(DLC)sn 84024406</subfield></datafield><datafield ind1="0" ind2="7" tag="785"><subfield code="t">Janesville free press (Daily)</subfield><subfield code="w">(DLC)sn 85040680</subfield></datafield><datafield ind1="0" ind2="7" tag="785"><subfield code="t">Janesville gazette (Janesville, Wis. : 1845 : Daily)</subfield><subfield code="w">(DLC)sn 87082080</subfield></datafield><datafield ind1="0" ind2="7" tag="785"><subfield code="t">Weekly gazette and free press</subfield><subfield code="w">(DLC)sn 84024407</subfield></datafield></record>